@inproceedings{ICPDSSE,
	Author = {Robert H{\"o}ttger and Lukas Krawczyk and Burkhard Igel},
	Booktitle = {International Conference on Parallel, Distributed Systems and Software Engineering},
	series ={ICPDSSE'15},
	Index = {International Science Index, Computer and Information Engineering},
	Institution = {FH Dortmund},
	Issn = {1307-6892},
	Keywords = {partitioning; mapping; distributed systems; scheduling; embedded multicore systems; model-based; system analysis},
	Pages = {2643--2649},
	Numpages={7},
	Publisher = {World Academy of Science, Engineering and Technology},
	Title = {{Model-Based Automotive Partitioning and Mapping for Embedded Multicore Systems}},
	Volume = {2},
	Year = {2015}
}

@inproceedings{tileref,
	Author = {David Wentzlaff and Patrick Griffin and Henry Hoffmann et al.},
	Issn = {0272-1732},
	Pages = {15--31},
	Publisher = {IEEE Computer Society},
	Title = {{On-chip Interconnection Architecture of the Tile Processor}},
	Year = {2017}
}

@online{amalthea4publicweb,
	title = {http://www.amalthea-project.org/},
	url =   {http://www.amalthea-project.org/},
}

@online{app4mcweb,
	title = {https://www.eclipse.org/app4mc/},
	url =   {https://www.eclipse.org/app4mc/},
}

@online{app4mcproposaleclipse,
	title = {https://projects.eclipse.org/proposals/app4mc},
	url =   {https://projects.eclipse.org/proposals/app4mc},
}

@online
{
	epl,
	title={https://www.eclipse.org/legal/epl-v10.html},
	url={https://www.eclipse.org/legal/epl-v10.html},
}

@book{springerparallel,
	TITLE = {Parallel Programming},
	SUBTITLE = {for Multicore and Cluster Systems},
	AUTHOR = {Thomas Rauber and Gudula R{\"u}nger},
	YEAR = {2013}, 
	PUBLISHER = {Springer-Verlag Berlin Heidelberg},
}

@online{autosararch,
	title = {https://hpi.de/fileadmin/user\texttt{\_}upload/fachgebiete/giese/Ausarbeitungen\texttt{\_}AUTOSAR0809/\\Software\texttt{\_}Architecture\texttt{\_}Warschofsky.pdf},
	url =   {https://hpi.de/fileadmin/user\texttt{\_}upload/fachgebiete/giese/Ausarbeitungen\texttt{\_}AUTOSAR0809/\\Software\texttt{\_}Architecture\texttt{\_}Warschofsky.pdf},
}

@online{xmoskitweb,
	title = {https://www.xmos.com/support/boards?product=18230},
	url = {https://www.xmos.com/support/boards?product=18230},
}

@online {xmosdatasheet,
	title = {http://www.xmos.com/download/private/XE216-512-TQ128-Datasheet%281.12%29.pdf},
	url = {http://www.xmos.com/download/private/XE216-512-TQ128-Datasheet%281.12%29.pdf},
}

@online {xmosflyer,
	title = {http://www.xmos.com/download/private/xCORE-Architecture-Flyer%281.1%29.pdf},
	url = {http://www.xmos.com/download/private/xCORE-Architecture-Flyer%281.1%29.pdf},	
}

@article {roundrobin,
	author = {Kleinrock, Leonard},
	title = {Analysis of A time-shared processor},
	journal = {Naval Research Logistics Quarterly},
	volume = {11},
	number = {1},
	publisher = {Wiley Subscription Services, Inc., A Wiley Company},
	issn = {1931-9193},
	url = {http://dx.doi.org/10.1002/nav.3800110105},
	doi = {10.1002/nav.3800110105},
	pages = {59--73},
	year = {1964},
}

@book{pipelinebook,
	TITLE = {Computer Organization (5th Edition)},
	AUTHOR = {Carl Hamacher},
	pages = {453--510},
	url = {http://www.mhhe.com/engcs/electrical/hamacher/5e/graphics/ch08\texttt{\_}453-510.pdf},
	YEAR = {2001}, 
	PUBLISHER = {McGraw Hill Higher Education},
}

@online {
	xmosprogrguide,
	title = {https://www.xmos.com/download/private/XMOS-Programming-Guide-(documentation)(E).pdf},
	url = {https://www.xmos.com/download/private/XMOS-Programming-Guide-(documentation)(E).pdf},
}

@online {
	raspberrypiinfo,
	title = {https://www.raspberrypi.org/products/raspberry-pi-3-model-b/},
	url = {https://www.raspberrypi.org/products/raspberry-pi-3-model-b/},
}

@online {
	raspbiandownload,
	title = {https://www.raspberrypi.org/downloads/raspbian/},
	url = {https://www.raspberrypi.org/downloads/raspbian/},
}

@online {
	ubuntumatedownload,
	title = {https://ubuntu-mate.org/raspberry-pi/},
	url = {https://ubuntu-mate.org/raspberry-pi/},
}

@book{linuxkernelbook,
	TITLE = {Professional Linux Kernel Architecture},
	AUTHOR = {Wolfgang Mauerer},
	pages = {1--33},
	url = {http://www.ittc.ku.edu/~kulkarni/teaching/EECS678/projects/scheduling/materials/plka.pdf},
	ISBN = {978-0-470-34343-2},
	YEAR = {2008}, 
	PUBLISHER = {Wiley Publishing, Inc.},
}

@book{howlinuxworksbook,
	TITLE = {How Linux Works},
	AUTHOR = {Brian Ward},
	ISBN = {978-1-59327-567-9},
	YEAR = {2014}, 
	PUBLISHER = {No Starch Press},
}

@online{pwm,
	title = {https://learn.sparkfun.com/tutorials/pulse-width-modulation},
	url = {https://learn.sparkfun.com/tutorials/pulse-width-modulation},
}

@online{uart,
	title={http://students.iitk.ac.in/eclub/assets/lectures/summer12/uart.pdf},
	url={http://students.iitk.ac.in/eclub/assets/lectures/summer12/uart.pdf},
}

@online{
	i2c,
	title={https://learn.sparkfun.com/tutorials/i2c/all.pdf},
	url={https://learn.sparkfun.com/tutorials/i2c/all.pdf},
}

@online{
	ethernet1,
	title={http://searchnetworking.techtarget.com/definition/Ethernet},
	url = {http://searchnetworking.techtarget.com/definition/Ethernet},
}

@online{
	ethernet2,
	title={http://k-12.pisd.edu/currinst/network/if4\texttt{\_}1st.pdf},
	url={http://k-12.pisd.edu/currinst/network/if4\texttt{\_}1st.pdf},
}

@online{
	spi,
	title={https://learn.sparkfun.com/tutorials/serial-peripheral-interface-spi/all.pdf},
	url={https://learn.sparkfun.com/tutorials/serial-peripheral-interface-spi/all.pdf},
}

@online
{
	isolatedvoltageconverter,
	title = {http://www.xppower.com/pdfs/SF\texttt{\_}JCA04-06.pdf},
	url = {http://www.xppower.com/pdfs/SF\texttt{\_}JCA04-06.pdf},
}

@online
{
	srf02datasheet,
	title={http://www.pishrobot.com/files/products/datasheets/srf02.pdf},
	url={http://www.pishrobot.com/files/products/datasheets/srf02.pdf},
}

@online
{
	adafruitlevelconverter,
	title = {https://www.adafruit.com/product/757},
	url = {https://www.adafruit.com/product/757},
}

@online
{
	tt01e,
	title = {http://www.tamiya.com/english/rc/rcmanual/tt01\texttt{\_}type\texttt{\_}e.pdf},
	url={http://www.tamiya.com/english/rc/rcmanual/tt01\texttt{\_}type\texttt{\_}e.pdf},
}

@unpublished{sysml,
	Author = {Sanford Friedenthal and Alan Moore and Rick Steiner},
	Institution = {International Council on Systems Engineering},
	Year = {2006-2009},
	Title = {OMG Systems Modeling Language Tutorial},
	url={http://www.omgsysml.org/INCOSE-OMGSysML-Tutorial-Final-090901.pdf},
}

@online
{
	rn42datasheet,
	title={http://ww1.microchip.com/downloads/en/DeviceDoc/rn-4142-ek-ug-1.0.pdf},
	url={http://ww1.microchip.com/downloads/en/DeviceDoc/rn-4142-ek-ug-1.0.pdf},
}

@online
{
	telnet,
	title={https://kb.iu.edu/d/aayd},
	url = {https://kb.iu.edu/d/aayd},
}

@online
{
	mii,
	title={https://en.wikipedia.org/wiki/Media-independent\texttt{\_}interface},
	url={https://en.wikipedia.org/wiki/Media-independent\texttt{\_}interface},
}

@online
{
	gcc,
	title={https://gcc.gnu.org/onlinedocs/gcc-6.3.0/gcc/},
	url={https://gcc.gnu.org/onlinedocs/gcc-6.3.0/gcc/},
}

@online
{
	python27,
	title={https://docs.python.org/2/},
	url={https://docs.python.org/2/},
}

@online
{
	bash,
	title={http://tldp.org/LDP/abs/html/},
	url={http://tldp.org/LDP/abs/html/},
}

@online
{
	remotedebuggingeclipse,
	title={http://www.gurucoding.com/en/raspberry\texttt{\_}pi\texttt{\_}eclipse/index.php},
	url={http://www.gurucoding.com/en/raspberry\texttt{\_}pi\texttt{\_}eclipse/index.php},
}

@online
{
	howajaxworks,
	title={https://www.w3schools.com/xml/ajax\texttt{\_}intro.asp},
	url={https://www.w3schools.com/xml/ajax\texttt{\_}intro.asp},
}

@online
{
	jquery,
	title={https://jquery.com/},
	url={https://jquery.com/},
}

@online{
	timingposter,
	title={https://www.gliwa.com/downloads/Timing%20Poster.pdf},
	url={https://www.gliwa.com/downloads/Timing%20Poster.pdf},
}

@online{cpuandusertimes,
	title={https://cs.umd.edu/class/spring2015/cmsc411-0201/lectures/lecture04\texttt{\_}performance\texttt{\_}reliability.pdf},
	url={https://cs.umd.edu/class/spring2015/cmsc411-0201/lectures/lecture04\texttt{\_}performance\texttt{\_}reliability.pdf},
}

@online
{
	cpuandusertimes2,
	title={http://stackoverflow.com/questions/4310039/user-cpu-time-vs-system-cpu-time},
	url={http://stackoverflow.com/questions/4310039/user-cpu-time-vs-system-cpu-time},
}

@online
{
	psutil,
	title={https://pypi.python.org/pypi/psutil},
	url={https://pypi.python.org/pypi/psutil},
}

@online{
	socketpython,
	title={https://docs.python.org/2/library/socket.html},
	url={https://docs.python.org/2/library/socket.html},
}

@unpublished{apacheguide,
	Author = {Igor Ljubuncic},
	Institution = {www.dedoimedo.com},
	Year = {2011},
	Title = {Apache Web Server Complete Guide},
	url={https://sites.duke.edu/workblog/files/2014/12/www.dedoimedo.com-apache-web-server-lm.pdf},
}

@online
{
	webserver,
	title={http://www.clib.dauniv.ac.in/E-Lecture/Web%20Server.pdf},
	url={http://www.clib.dauniv.ac.in/E-Lecture/Web%20Server.pdf},
}

@online
{
	mjpgstreamergithub,
	title={https://github.com/jacksonliam/mjpg-streamer},
	url={https://github.com/jacksonliam/mjpg-streamer},
}

@online
{
	jqplot,
	title={http://www.jqplot.com/},
	url={http://www.jqplot.com/},
}

@article {vncmagazine,
	author = {Tristan Richardson and Quentin Stafford-Fraser and Kenneth R. Wood and Andy Hopper},
	title = {Virtual Network Computing},
	journal = {IEEE Internet Computing},
	volume = {2},
	number = {1},
	publisher = {IEEE},
	url = {http://www.cl.cam.ac.uk/research/dtg/www/publications/public/files/tr.98.1.pdf},
	year = {January/February 1998},
}

@online
{
	androidwebsite,
	title={https://www.android.com/},
	url={https://www.android.com/},
}

@online
{
	androidstudio,
	title={https://developer.android.com/studio/index.html},
	url={https://developer.android.com/studio/index.html},
}

@online
{
	virtualjoystick,
	title={https://github.com/controlwear/virtual-joystick-android},
	url={https://github.com/controlwear/virtual-joystick-android},
}

@online
{
	pygame,
	title={https://www.pygame.org/},
	url={https://www.pygame.org/},
}

@online{
	staticvsdynamicanalysis,
	title={http://www.testingexcellence.com/static-analysis-vs-dynamic-analysis-software-testing/},
	url={http://www.testingexcellence.com/static-analysis-vs-dynamic-analysis-software-testing/},
}

@online
{
	staticanalysisPRE,
	title = {https://www.cs.ru.nl/E.Poll/ufrj/5\texttt{\_}StaticAnalysisPREfast.pdf},
	url={https://www.cs.ru.nl/E.Poll/ufrj/5\texttt{\_}StaticAnalysisPREfast.pdf},
}

@unpublished{dynamicanalysisphd,
	Author = {Nicholas Nethercote},
	Institution = {University of Cambridge},
	Year = {2004},
	Title = {Dynamic Binary Analysis and Instrumentation},
	Subtitle = {Building Tools is Easy},
	url={http://valgrind.org/docs/phd2004.pdf},
}

@online
{
	IPM,
	title={http://ipm-hpc.sourceforge.net/profilingvstracing.html},
	url={http://ipm-hpc.sourceforge.net/profilingvstracing.html},
}

@online
{
	systemmonitoring,
	title={http://www.tldp.org/LDP/sag/html/system-monitoring.html},
	url={http://www.tldp.org/LDP/sag/html/system-monitoring.html},
}

@online
{
	xtamanual,
	title={https://www.xmos.com/download/private/XMOS-Timing-Analyzer-Manual%281.2%29.pdf},
	url={https://www.xmos.com/download/private/XMOS-Timing-Analyzer-Manual%281.2%29.pdf},
}

@online
{
	xs1energymanual,
	title={https://www.xmos.com/download/private/AN01005%3A-Estimating-Power-Consumption-For-XS1-L-Devices%281.0.2rc1%29.pdf},
	url={https://www.xmos.com/download/private/AN01005%3A-Estimating-Power-Consumption-For-XS1-L-Devices%281.0.2rc1%29.pdf},
}

@INPROCEEDINGS{dvfsieee, 
	author={Shi-Hao Chen and Jiing-Yuan Lin}, 
	booktitle={2009 International Symposium on VLSI Design, Automation and Test}, 
	title={Implementation and verification practices of DVFS and power gating}, 
	year={2009}, 
	pages={19-22}, 
	keywords={logic circuits;power aware computing;power consumption;dynamic frequency scaling techniques;dynamic voltage scaling;interface logics;leakage power consumption;leakage power reduction;multisupply voltage;power gating;power shut-off;power supply voltage reduction;seamless interface control circuit;Dynamic voltage scaling;Energy consumption;Error correction;Flip-flops;Formal verification;Frequency;Logic circuits;Logic design;Packaging;Power supplies}, 
	doi={10.1109/VDAT.2009.5158084}, 
	month={April},
}

@inproceedings{dvfspaper,
	Author = {Diary R. Suleiman and Muhammad A. Ibrahim and Ibrahim I. Hamarash},
	Title = {{Dynamic Voltage Frequency Scaling (DVFS) for Microprocessors Power and Energy Reduction}},
	Year = {2005}
}

@online
{
	objdump,
	title={https://sourceware.org/binutils/docs/binutils/objdump.html},
	url={https://sourceware.org/binutils/docs/binutils/objdump.html},
}

@online
{
	dis,
	title={https://docs.python.org/2/library/dis.html},
	url={https://docs.python.org/2/library/dis.html},
}

@online
{
	perf1,
	title={https://perf.wiki.kernel.org/index.php/Main\texttt{\_}Page},
	url={https://perf.wiki.kernel.org/index.php/Main\texttt{?_}Page},
}

@online
{
	perf2,
	title = {http://www.brendangregg.com/perf.html},
	url = {http://www.brendangregg.com/perf.html},
}

@online
{
	topexamples,
	title={https://www.tecmint.com/12-top-command-examples-in-linux/},
	url={https://www.tecmint.com/12-top-command-examples-in-linux/},
}

@online
{
	linuxproc,
	title = {http://www.tldp.org/LDP/Linux-Filesystem-Hierarchy/html/proc.html},
	url={http://www.tldp.org/LDP/Linux-Filesystem-Hierarchy/html/proc.html},
}

@online
{
	tracecmd,
	title={https://lwn.net/Articles/410200/},
	url={https://lwn.net/Articles/410200/},
}

@online
{
	lttng,
	title={http://lttng.org/},
	url={http://lttng.org/},
}

@online
{
	jolsa,
	title={git://git.kernel.org/pub/scm/linux/kernel/git/acme/linux.git},
	url={git://git.kernel.org/pub/scm/linux/kernel/git/acme/linux.git},
}

@online
{
	perfbabeltrace,
	title={http://stackoverflow.com/questions/43576997/building-perf-with-babeltrace-for-perf-to-ctf-conversion},
	url={http://stackoverflow.com/questions/43576997/building-perf-with-babeltrace-for-perf-to-ctf-conversion},
}

@online
{
	tracecompass,
	title={http://tracecompass.org/},
	url={http://tracecompass.org/},
}

@online
{
	taskset,
	title={https://linux.die.net/man/1/taskset},
	url={https://linux.die.net/man/1/taskset},
}

@inproceedings{dvfspaper2,
	author = {Le Sueur, Etienne and Heiser, Gernot},
	title = {Dynamic Voltage and Frequency Scaling: The Laws of Diminishing Returns},
	booktitle = {Proceedings of the 2010 International Conference on Power Aware Computing and Systems},
	series = {HotPower'10},
	year = {2010},
	location = {Vancouver, BC, Canada},
	pages = {1--8},
	numpages = {8},
	url = {http://dl.acm.org/citation.cfm?id=1924920.1924921},
	acmid = {1924921},
	publisher = {USENIX Association},
	address = {Berkeley, CA, USA},
} 

@online
{
	cpufrequencyscaling,
	title={https://wiki.debian.org/HowTo/CpuFrequencyScaling},
	url={https://wiki.debian.org/HowTo/CpuFrequencyScaling},
}

@online
{
	gateworks,
	title={http://trac.gateworks.com/wiki/DVFS},
	url={http://trac.gateworks.com/wiki/DVFS},
}

@online
{
	interconnection,
	title={http://www2.cs.siu.edu/~cs401/Textbook/ch5.pdf},
	url={http://www2.cs.siu.edu/~cs401/Textbook/ch5.pdf},
}

@unpublished{lukas1,
	Author = {Lukas Krawczyk and Robert Hoettger and Uwe Lauschner},
	Institution = {Fachhochschule Dortmund},
	Title = {Introduction in DPS Architecture, Distributed and Parallel Systems Lecture Notes, ESM DPS WS 2015/2016},
}

@unpublished{dsm,
	Author = {CS-550: Distributed Shared Memory [SiS '94]},
	Title = {Distributed Resource Management: Distributed Shared Memory},
	Url = {http://www.cs.iit.edu/~cs550/lectures/10_distributed_shared_memory.ppt},
}

@unpublished
{
	multicore1,
	title = {Multi-core architectures},
	author= {Jernej Barbic},
	year={2006},
	url={https://www.cs.cmu.edu/~fp/courses/15213-s06/lectures/27-multicore.pdf},
}

@online
{
	rtos1,
	url={http://rtos.com/PDFs/What\texttt{\_}Is\texttt{\_}An\texttt{\_}RTOS\texttt{\_}and\texttt{\_}Why\texttt{\_}Use\texttt{\_}One\texttt{\_}Embedded.com\texttt{\_}.pdf},
	title={http://rtos.com/PDFs/What\texttt{\_}Is\texttt{\_}An\texttt{\_}RTOS\texttt{\_}and\texttt{\_}Why\texttt{\_}Use\texttt{\_}One\texttt{\_}Embedded.com\texttt{\_}.pdf},
}

@online
{
	rtrpi1,
	title = {https://stackoverflow.com/questions/22241264/what-makes-a-kernel-os-real-time?rq=1},
	url={https://stackoverflow.com/questions/22241264/what-makes-a-kernel-os-real-time?rq=1},
}

@online
{
	rtrpi2,
	title = {https://www.socallinuxexpo.org/sites/default/files/presentations/Steven\texttt{\_}Doran\texttt{\_}SCALE\texttt{\_}13x.pdf},
	url={https://www.socallinuxexpo.org/sites/default/files/presentations/Steven\texttt{\_}Doran\texttt{\_}SCALE\texttt{\_}13x.pdf},
}

@online
{
	app4mchelp,
	title={https://www.eclipse.org/app4mc/help/app4mc-0.8.0/index.html},
	url={https://www.eclipse.org/app4mc/help/app4mc-0.8.0/index.html},
}

@book{graphtheory,
	TITLE = {Introduction to Graph Theory: Fourth Edition},
	AUTHOR = {Robin J. Wilson},
	YEAR = {1996}, 
	PUBLISHER = {Prentice Hall},
	URL={http://www.maths.ed.ac.uk/~aar/papers/wilsongraph.pdf},
}

@online
{
	pythonthreading,
	title={https://docs.python.org/2/library/threading.html},
	url={https://docs.python.org/2/library/threading.html},
}

@online
{
	opencv,
	title={http://opencv.org/}
	url={http://opencv.org/}
}

@inproceedings{constrainedpaper,
	author = {Robert H{\"o}ttger and Mustafa {\"O}zcelik{\"o}rs and Philipp Heisig and Lukas Krawczyk and Carsten Wolff and Burkhard Igel},
	title = {Constrained Mixed-Critical Parallelization for Distributed Heterogeneous Systems},
	booktitle = {The 9\textsuperscript{th} IEEE International Conference on Intelligent Data Acquisition and Advanced Computing Systems, Technology and Applications},
	year = {2017},
	location = {Bucharest, Romania},
} 

@article{priorpaperapp4mc,
	title    = {Model-Based Automotive Partitioning and Mapping for Embedded Multicore Systems},
	author    = {Robert H{\"o}ottger and  Lukas Krawczyk and  Burkhard Igel},
	email	    = {robert.hoettger@fh-dortmund.de}  ,
	country   = {Germany},
	institution={FH Dortmund},
	abstract  = {This paper introduces novel approaches to partitioning
	and mapping in terms of model-based embedded multicore system
	engineering and further discusses benefits, industrial relevance and
	features in common with existing approaches. In order to assess
	and evaluate results, both approaches have been applied to a real
	industrial application as well as to various prototypical demonstrative
	applications, that have been developed and implemented for
	different purposes. Evaluations show, that such applications improve
	significantly according to performance, energy efficiency, meeting
	timing constraints and covering maintaining issues by using
	the AMALTHEA platform and the implemented approaches.
	Furthermore, the model-based design provides an open, expandable,
	platform independent and scalable exchange format between
	OEMs, suppliers and developers on different levels. Our proposed
	mechanisms provide meaningful multicore system utilization since
	load balancing by means of partitioning and mapping is effectively
	performed with regard to the modeled systems including hardware,
	software, operating system, scheduling, constraints, configuration and
	more data.
	},
	journal   = {International Journal of Computer, Electrical, Automation, Control and Information Engineering},  volume    = {9},
	number    = {1},
	year      = {2015},
	pages     = {268 - 274},
	ee        = {http://waset.org/publications/10000496},
	url       = {http://waset.org/Publications?p=97},
	bibsource = {http://waset.org/Publications},
	issn      = {PISSN:2010-376X, EISSN:2010-3778},
	publisher = {World Academy of Science, Engineering and Technology},
	index     = {International Science Index 97, 2015},
}

@INPROCEEDINGS{toolchaintailoringapp4mc, 
	author={C. Wolff and L. Krawczyk and R. Höttger and C. Brink and U. Lauschner and D. Fruhner and E. Kamsties and B. Igel}, 
	booktitle={2015 IEEE 8th International Conference on Intelligent Data Acquisition and Advanced Computing Systems: Technology and Applications (IDAACS)}, 
	title={AMALTHEA - Tailoring tools to projects in automotive software development}, 
	year={2015}, 
	volume={2}, 
	pages={515-520}, 
	keywords={automotive engineering;human computer interaction;mechanical engineering computing;public domain software;software tools;AMALTHEA;ECUs;HMI;automotive software development;autonomous driving;e-mobility;electronic control units;human-machine-interfaces;open source tool chain platform;project-specific information supply chain;software intensive cars;Adaptation models;Automotive engineering;Companies;Complexity theory;Multicore processing;Software;Standards;AMALTHEA;automotive software;software development tool chains;tool chain tailoring}, 
	doi={10.1109/IDAACS.2015.7341359}, 
	month={Sept},}

@INPROCEEDINGS{comparisonpaperapp4mc, 
	author={A. Sailer and S. Schmidhuber and M. Hempe and M. Deubzer and J. Mottok}, 
	booktitle={ARCS 2016; 29th International Conference on Architecture of Computing Systems}, 
	title={Distributed Multi-Core Development in the Automotive Domain - A Practical Comparison of ASAM MDX vs. AUTOSAR vs. AMALTHEA}, 
	year={2016}, 
	pages={1-8}, 
	month={April},}

@INPROCEEDINGS{autosarospaper1, 
	author={Devika K and Syama R}, 
	booktitle={International Journal of Innovative Research in Science, Engineering, and Technology Vol. 2, Issue 7}, 
	title={An Overview of AUTOSAR Multicore Operating System Implementation}, 
	year={2013}, 
	issn={2319-8753},
	month={July},}

@INPROCEEDINGS{paper2, 
	author={N. Navet and A. Monot and B. Bavoux and F. Simonot-Lion}, 
	booktitle={2010 IEEE International Symposium on Industrial Electronics}, 
	title={Multi-source and multicore automotive ECUs - OS protection mechanisms and scheduling}, 
	year={2010}, 
	pages={3734-3741}, 
	keywords={automotive electronics;electronic engineering computing;operating systems (computers);AUTOSAR OS;OS protection mechanisms;OS scheduling;automotive electronics;electronic control unit;multicore automotive ECU;multisource software;operating system protection;Automotive engineering;Context;Job shop scheduling;Multicore processing;Safety;Software}, 
	doi={10.1109/ISIE.2010.5637677}, 
	ISSN={2163-5137}, 
	month={July},}

@INPROCEEDINGS{paper3, 
	author={M. Alfranseder and M. Deubzer and B. Justus and J. Mottok and C. Siemers}, 
	booktitle={2014 IEEE 33rd International Performance Computing and Communications Conference (IPCCC)}, 
	title={An efficient spin-lock based multi-core resource sharing protocol}, 
	year={2014}, 
	pages={1-7}, 
	keywords={embedded systems;multiprocessing systems;protocols;resource allocation;PWLP;busy-wait model;embedded multicore processor;preemptable waiting locking protocol;spin-lock based resource sharing protocol;Processor scheduling;Protocols;Resource management;Schedules;Spinning;Synchronization;System recovery;busy-wait;embedded real-time systems;locking protocols;multi-core processors;resource sharing protocols;spin-locks;synchronization}, 
	doi={10.1109/PCCC.2014.7017090}, 
	ISSN={1097-2641}, 
	month={Dec},}

@INPROCEEDINGS{paper4, 
	author={F. W. Yu and B. H. Zeng and Y. H. Huang and H. I. Wu and C. R. Lee and R. S. Tsay}, 
	booktitle={2013 Design, Automation Test in Europe Conference Exhibition (DATE)}, 
	title={A Critical-Section-Level timing synchronization approach for deterministic multi-core instruction-set simulations}, 
	year={2013}, 
	pages={643-648}, 
	keywords={Computational modeling;Multicore processing;Simulation;Software;Synchronization;Deterministic;Multi-core instruction-set simulations;Timing Synchronization}, 
	doi={10.7873/DATE.2013.140}, 
	ISSN={1530-1591}, 
	month={March},}

@INPROCEEDINGS{paper5, 
	author={Y. Lu and T. Nolte and I. Bate and J. Kraft and C. Norström}, 
	booktitle={2011 6th IEEE International Symposium on Industrial and Embedded Systems}, 
	title={Assessment of trace-differences in timing analysis for Complex Real-Time Embedded Systems}, 
	year={2011}, 
	pages={284-293}, 
	keywords={embedded systems;sampling methods;software performance evaluation;Kolmogorov-Smirnov test;complex realtime embedded systems;sampling mechanism;software systems;statistical inference;timing analysis;trace-difference assessment;Analytical models;Context;Data models;Real time systems;Statistical analysis;Time factors;Timing}, 
	doi={10.1109/SIES.2011.5953672}, 
	ISSN={2150-3109}, 
	month={June},}

@INPROCEEDINGS{paper6, 
	author={S. Nilakantan and K. Sangaiah and A. More and G. Salvadory and B. Taskin and M. Hempstead}, 
	booktitle={2015 IEEE International Symposium on Performance Analysis of Systems and Software (ISPASS)}, 
	title={Synchrotrace: synchronization-aware architecture-agnostic traces for light-weight multicore simulation}, 
	year={2015}, 
	pages={278-287}, 
	keywords={multi-threading;multiprocessing systems;synchronisation;Gem5 Full-System simulator;PARSEC 2.1;Splash-2;SynchroTrace;architecture-agnostic traces;constraint-based design space exploration;dependency-aware traces;light-weight multicore simulation;multithreaded programs;replay mechanism;synchronization event recording;synchronization-aware architecture-agnostic traces;trace filtering;trace-based multithreaded simulation methodology;traces dependencies recording;Computational modeling;Computer architecture;Instruction sets;Monitoring;Space exploration;Synchronization}, 
	doi={10.1109/ISPASS.2015.7095813}, 
	month={March},}

@online
{gsoc,
	title={https://summerofcode.withgoogle.com/projects/{\#}5257433030066176},
	url={https://summerofcode.withgoogle.com/projects/{\#}5257433030066176},
}

@online
{nasachallenge,
title={https://open.nasa.gov/blog/what-is-nasa-doing-with-big-data-today/},
url={https://open.nasa.gov/blog/what-is-nasa-doing-with-big-data-today/}}

@online
{
binpacking,
title={http://www.or.deis.unibo.it/kp/Chapter8.pdf},
url={http://www.or.deis.unibo.it/kp/Chapter8.pdf},
}